@article{WilsonWritingSpecifications,
    title = {{Writing Effective Requirements Specifications}},
    author = {Wilson, William M},
    keywords = {Documentation, Requirements, Specification Practices}
}